% This file was created with JabRef 2.9b2.
% Encoding: UTF8

@BOOK{SHUXUEWULI,
  title = {数学物理方法(第四版)},
  publisher = {高等教育出版社},
  year = {2010},
  author = {刘法 and 缪国庆 and 梁昆淼},
  language = {Chinese},
  owner = {distance},
  timestamp = {2012.11.02}
}

@ARTICLE{庞明勇2007,
  author = {庞明勇},
  title = {基于离散模型的二维水波实时动态模拟方法},
  journal = {水利学报},
  year = {2007},
  volume = {38},
  pages = {6},
  number = {11},
  abstract = {从小振幅二维水波的偏微分运动方程出发,通过建立水面模型的离散点栅格结构,从时间和空间两个方面对连续的水波运动过程进行离散化处理,推导出水波微分方程的差分逼近系统,得出在任意离散时刻的水波曲面上,任一采样点处的垂直偏移与法矢量的迭代计算方法,以及保证离散系统迭代计算具有稳定性的系统参数约束条件.试算结果表明,在计算机图形硬件支持下,离散模型系统可以对点振源和线振源引起的水波进行实时真实感动态绘制.该算法可用于三维水环境模拟、动态水面仿真等领域.},
  keywords = {动态模拟 二维水波 连续系统离散化 仿真计算},
  owner = {distance},
  timestamp = {2012.11.02}
}

@PHDTHESIS{张培文2002,
  author = {张培文},
  title = {降雨条件下饱和—非饱和土径流渗流耦合数值模拟研究},
  school = {大连理工大学},
  year = {2002},
  type = {大连},
  __markedentry = {[distance:]},
  abstract = {滑坡的稳定性由内在因素和外在因素所决定,内在因素是边坡本身所固有的,外界因素主要包括地震、降雨、开挖等.进年来,由于降雨导致的边坡的失稳越来越频繁.因此对于降雨条件下坡面水运动的研究无论在理论上还是在工程应用上,都具有十分重要的意义.阐述了非饱和土中水流动的基本规律和土水特征曲线.由于土水特征曲线具有滞后的特点,提出了根据初始含水量来确定数值模拟初始时步非饱和土的渗透系数.编制了基于Richards控制方程的饱和-非饱和渗流有限元分析程序,一些算例证明了该程序的正确性.改进了传统流量的计算方法,使得计算精度明显提高.分析了降雨条件下地表水入渗的过程,提出了降雨条件下非饱和渗流的二维数学模型及边界条件.一些计算算例说明降雨条件下非饱和渗流的基本规律.编制了基于Saint-venant控制方程的坡面径流的有限元分析程序,利用解析解和试验数据证明了程序的正确性.根据非饱和土上水的转化机理,编制了降雨条件下地表水入渗和产流耦合的计算程序,并根据土-水特征曲线,提出了判断地表饱和的条件,根据此条件,加速了收敛速度,节省了CPU的时间.给出了降雨条件下水的入渗的实际过程.利用降雨条件下地表水入渗和产流耦合的计算程序,分析了降雨强度、初始含水量、饱和渗透系数、孔隙率以及饱和渗透系数比对非饱和土入渗和产流过程的影响,进一步证明了传统理论的正确性.利用降雨条件下地表水入渗和产流耦合的计算程序,模拟了小降雨强度和大雨强度对地下水位变化的影响,并用数值计算给出了地表排水沟对地下水变化的影响不是很显著的结论.},
  keywords = {非饱和土 入渗 产流 降雨 Richards模型 Saint-Venant模型},
  language = {Chinese},
  owner = {distance},
  timestamp = {2012.11.02}
}

@BOOK{ZHANGWENSHENG_KEXUE,
  title = {科学计算中的偏微分方程有限差分方法},
  publisher = {高等教育出版社},
  year = {2006},
  author = {张文生},
  owner = {distance},
  timestamp = {2012.11.02}
}

@PHDTHESIS{张瑞玲2007,
  author = {张瑞玲},
  title = {甲基叔丁基醚的生物降解机理与微生物在地下水中的迁移},
  school = {天津大学},
  year = {2007},
  address = {天津},
  __markedentry = {[distance:]},
  abstract = {甲基叔丁基醚(Methyl ter-Butyl Ether，MTBE)作为一种汽油添加剂，广泛应用到汽油当中，其对土壤地下水环境造成的危害已引起人们的高度重视。生物修复是一种MTBE有效去除的环境治理技术。本论文在获得MTBE高效降解菌株的基础上，系统深入地研究了MTBE的降解特性、降解机理及生物修复中微生物的迁移规律。
	本文从MTBE污染场地中筛选获得优势降解菌株A-3，经鉴定该菌株为Chryseobacterium sp.细菌，该菌株的获得为MTBE的降解提供了新的菌源。在此基础上，研究了该菌株降解MTBE的最佳环境条件如温度、pH值、接种量、溶解氧以及底物浓度等；通过比较Chryseobacterium
	spA-3在葡萄糖和MTBE为碳源培养基中的生长情况，分析了菌株在MTBE中生长缓慢的原因；并进行了MTBE生物降解的矿化率实验来解释该分离菌对MTBE的降解能力。
	为了更深入了解MTBE的降解机理，采用SPM-GC-MS方法对生物降解MTBE的中间产物进行了检测。研究了中间产物TBA对MTBE降解的影响，分析了生物降解MTBE与TBA过程中关键酶系的异同。粗蛋白SDS-PAGE分析结果表明MTBE与TBA诱导出均有7条相同蛋白带的细胞蛋白图谱。降解质粒的提取与消除实验证实MTBE的降解基因存在于染色体上而非质粒上。
	为了进一步提高MTBE的生物降解能力，研究了环状糊精对MTBE生物降解的促进作用。通过非烷烃物质对MTBE共代谢的研究得出，适当浓度的丙三醇能够有效共代谢MTBE。这些都为MTBE的去除提供了新的方案。另外还考察了该菌的环境适应性以及环境中BTEX对MTBE降解的影响。
	为了使生物修复更好地应用于现场，研究了微生物在土壤地下水环境中的迁移规律及影响因素。对微生物的吸附过程提出了吸附双过程模型，对模型进行了实验验证并考察了流速与微生物浓度对吸附过程的影响。在此基础上，以污染物作为限制底物，综合考虑了降解菌的吸附、解析、生长、衰亡以及底物的迁移转化，建立了迁移规律理论模型。应用此模型描述了微生物在生物修复中的迁移过程，比较了微生物与污染物的迁移特点。},
  keywords = {甲基叔丁基醚 生物降解 降解机理 汽油添加剂 生物修复 环境治理 地下水污染},
  language = {Chinese},
  owner = {distance},
  timestamp = {2012.11.02}
}

@PHDTHESIS{李焕荣2007,
  author = {李焕荣},
  title = {土壤水动力系统的数值解法的分析与应用研究},
  school = {首都师范大学},
  year = {2007},
  address = {北京},
  abstract = {土壤水动力学是以土壤中水分的能态为基础研究非饱和土壤中水分、溶质和热量运移问题的学科．本文就对土壤水动力系统中两个重要的研究对象-土壤含水量和溶质浓度进行了讨论分析．由于水分流动问题和溶质运移问题都可归结为偏微分方程系统，本文就分别用广义差分法、混合元法及适当投影分解法(POD)对这些方程进行了数值研究，讨论了他们的变分问题的广义解的存在性、数值解(包括半离散和全离散数值逼近格式)的存在性及其误差估计，并给出了这些方程的数值解的例子．因此，本文的工作既有理论研究，又有实际计算的方法和例子．在理论方面，为土壤水动力系统提供了可靠的数值求解的数学基础；在实际计算的方法和例子方面，也为土壤水动力系统提供了合理有效的数值求解的方法，研究土壤水动力学的工程技术人员和专家可以借鉴这些计算方法，并应用于更加复杂的实际土壤水动力系统的预测计算中．
	本文共分为六章来阐述．第一章是本文的绪论；第二章至第四章分别利用广义差分法、混合元方法和守恒混合元-迎风广义差分法对一维的非饱和水流的含水量、溶质浓度及水流与溶质耦合运移问题进行了数值模拟，并给出了数值算例．第五章利用基于重心对偶剖分的有限体积元法建立了二维非饱和土壤水流动的数值模拟，并给出了数值算例；数值模拟结果表明，利用有限体积元格式来求解二维水分运动问题是可靠的，且该格式具有稳定性和可实用性，可以用来数值模拟更加复杂的二维水分运动的物理过程．第六章基于适当投影分解技术(POD)能提供具有适当逼近度而自由度又较少的低维模型的优点，用适当投影分解方法去处理了二维溶质运移方程的有限元格式，并给出了数值模拟；从模拟的过程可以看出，POD技术大大降低了求解问题的自由度，简化了计算，节省了CPU和内存．
	本文的工作是我们近三年的主要研究工作．用广义差分法、混合元方法和守恒混合元-迎风广义差分法数值模拟一维土壤水动力系统是我们提出的一种新的尝试．而用有限体积元来数值模拟二维水分运动问题和用POD技术去处理二维溶质运移问题，就我们所知，尚未见到国内外有类似的或并行的文章的报道，因而可以说是具有一定的独创性．},
  keywords = {土壤水分流动 广义差分法 有限元法 混合元法 POD技术},
  language = {Chinese},
  owner = {distance},
  timestamp = {2012.11.02}
}

@PHDTHESIS{杨德军2009,
  author = {杨德军},
  title = {基于SPAC系统的土壤水动力学模型研究},
  school = {浙江大学建筑工程学院},
  year = {2009},
  address = {杭州},
  abstract = {开展对土壤-作物-大气系统(简称SPAC系统)土壤水动力学和水肥优化使用决策支持系统的研究，可以提高水资源尤其是农业用水效率，降低农作物成本，提高农药和化肥的利用率，有效地缓解过量农药和化肥进入地表或地下水体导致的环境污染问题。本文采取了理论分析、数值模拟和算例验证相结合的方法对以下几个问题进行研究和探讨。
	1.通过引入生长折减系数等理论，完善了过量施肥导致土壤中过量氮存在、产生的负渗透压抑制作物生长的理论，进一步发展了EU-ROTATE_N模型。实例验证表明：新研发的模块相对较合理，能够对多种作物在施肥条件下作物干重和作物上部(除须根)的含氮量进行一定的模拟，并能有效地反映过量施肥导致土壤负渗透压的影响效果。
	2.通过引入相关的根系生长动力学模型、根长密度分布函数以及蒸发和蒸腾计算模型等理论，与二维有限元程序SWMS_2D相耦合，发展了模拟SPAC系统的土壤水动力学有限元模型。实例验证表明：降雨对土层含水率分布的影响随着深度的增加而减小；蒸腾量和蒸发量的模拟结果较为可靠；根长密度分布具有一定的阶段性。
	3.通过改进上下边界条件，发展了裸地条件下土壤水动力学IRE模型(即积分型的Richards方程解法)。降雨数值试验结果表明：新模型的模拟结果介于FEM和Green
	Ampt模型模拟结果之间，更符合实际情况；蒸发试验结果表明：模拟结果与实验数据基本吻合，克服了FEM模型不稳定等不足；现场试验结果表明：累积入渗量、累积蒸发量和下边界累积排水量的模拟结果与FEM模拟结果基本吻合；土壤含水率分布接近FEM的计算结果和实验数据，其主要差别出现在顶层6cm的土体内。
	4.由于外界条件的复杂性和土体性质的多样性，土体在一定外界条件下的响应问题难以得到定量化描述。通过对欧洲5种典型土体进行100天的蒸发数值试验，在含水率分布和蒸发总量等数据上进行对比，探讨了欧洲5种典型土体的响应规律，为实际应用提供了一定的参考价值。
	5.针对EU-ROTATE_N模型中以CASCADE方法为核心的水模块参数难确定，预测结果不够准确等问题，通过引入裸地条件下改进的IRE模型，与现有的EU-ROTATE_N模型进行耦合，发展了有植被条件下土壤水动力学IRE模型，进一步发展了EU-ROTATE_N决策支持系统，实例验证表明：不同深度处土壤含水率随时间的变化与试验数据基本吻合，根长及根长密度模拟结果与实验值吻合，蒸腾量和蒸发量的模拟结果较为可靠，土壤中含氮量模拟结果较吻合。},
  keywords = {土壤水动力学 水资源 农业用水 化肥使用},
  language = {Chinese},
  owner = {distance},
  timestamp = {2012.11.02}
}

@ARTICLE{王玉珉2004,
  author = {王玉珉 and 王印杰},
  title = {非饱和土壤Richards方程入渗求解探讨},
  journal = {水文地质工程地质},
  year = {2004},
  volume = {31},
  pages = {6},
  number = {1},
  language = {Chinese},
  abstract = {根据理查兹(Richards)方程求解非饱和土壤垂直一维入渗率历时规律,因缺乏土壤水分特性函数K(θ)、D(θ)的一般有效公式,而采用与实际相差甚远的定值或线性函数假设,使成果隐含过多经验成分或需要反复迭代计算.笔者在文献[1]中提出的非饱和土壤水分特性函数的一般有效基础公式,用分离变量法直接求解Richards方程,用土壤水动力学方法分别导出了含有渗前土湿因子的新入渗公式.它摆脱了同类入渗公式对水分函数过于简单的概化假设和经验成分.为放弃迄今水文学产流计算中惯用的下渗容量曲线"截首留尾"的经验做法,以直接使用含有渗前土湿因子的下渗公式提供了理论依据,从而将有利于产流计算方法的改进和计算精度的提高.},
  keywords = {非饱和土壤 Richards方程 土壤水分 入渗},
  owner = {distance},
  timestamp = {2012.11.02}
}

@ARTICLE{田富强2007,
  author = {田富强 and 胡和平},
  title = {基于常微分方程求解器的Richards方程数值模型},
  journal = {清华大学学报（自然科学版）},
  year = {2007},
  volume = {47},
  pages = {4},
  number = {6},
  abstract = {为了协调Richards方程数值模型在精度、稳定性和计算效率之间的矛盾,对时间步长进行优化控制,发展了一种变步长的计算模型.采用van
	Genuchten模型,将描述土壤水分运动的Richards方程(为偏微分方程)在空间上半离散后得到常微分方程组,借助于该求解器求解.针对以含水率θ为变量的Richards方程进行了试验,常微分方程组求解采用CVODE求解器,并对土壤水分特征曲线和水量平衡进行了检验.结果表明,该模型具有较高的计算精度、求解效率和稳定性.},
  keywords = {土壤水分运动 Richards方程 常微分方程组 CVODE求解器 van Genuchten模型},
  owner = {distance},
  timestamp = {2012.11.02}
}

@PHDTHESIS{高琼2011,
  author = {高琼},
  title = {大肠杆菌在土壤中的迁移特性实验研究},
  school = {天津大学},
  year = {2011},
  address = {天津},
  __markedentry = {[distance:6]},
  language = {Chinese},
  owner = {distance},
  timestamp = {2012.11.02}
}

@ARTICLE{高雷阜2011,
  author = {高雷阜 and 齐微},
  title = {改进的粒子群算法在偏微分方程中的仿真应用},
  journal = {计算机仿真},
  year = {2011},
  volume = {28},
  number = {12},
  abstract = {工程领域中的许多问题都可以转化为微分方程的求解问题.由于存在多个附加条件,求解偏微分方程数值解比较困难.为解决上述问题,根据传统的有限差分法求解过程,提出了粒子群智能优化算法解决问题的求解步骤和具体策略.利用有限差分法将偏微分方程转化为较简单的线性方程组,指出新的适合具体方程组的适应值函数后,用改进的基于变尺度的粒子群优化算法将其转变为变分优化问题进而来求解线性方程组.通过仿真比较,改进的算法求解过程简单,控制参数少,数值实验表明算法有较好的效果和适用性.},
  keywords = {偏微分方程 有限差分法 改进的粒子群算法},
  owner = {distance},
  timestamp = {2012.11.02}
}

@comment{jabref-meta: selector_review:}

@comment{jabref-meta: selector_publisher:}

@comment{jabref-meta: selector_author:}

@comment{jabref-meta: selector_journal:}

@comment{jabref-meta: selector_keywords:}

